% Encoding: UTF-8

@article{bert,
  author    = {Jacob Devlin and
               Ming{-}Wei Chang and
               Kenton Lee and
               Kristina Toutanova},
  title     = {{BERT:} Pre-training of Deep Bidirectional Transformers for Language
               Understanding},
  journal   = {CoRR},
  volume    = {abs/1810.04805},
  year      = {2018},
  url       = {http://arxiv.org/abs/1810.04805},
  archivePrefix = {arXiv},
  eprint    = {1810.04805},
  timestamp = {Tue, 30 Oct 2018 20:39:56 +0100},
  biburl    = {https://dblp.org/rec/journals/corr/abs-1810-04805.bib},
  bibsource = {dblp computer science bibliography, https://dblp.org}
}

@article{longformer,
  author    = {Iz Beltagy and
               Matthew E. Peters and
               Arman Cohan},
  title     = {Longformer: The Long-Document Transformer},
  journal   = {CoRR},
  volume    = {abs/2004.05150},
  year      = {2020},
  url       = {https://arxiv.org/abs/2004.05150},
  archivePrefix = {arXiv},
  eprint    = {2004.05150},
  timestamp = {Tue, 14 Apr 2020 16:40:34 +0200},
  biburl    = {https://dblp.org/rec/journals/corr/abs-2004-05150.bib},
  bibsource = {dblp computer science bibliography, https://dblp.org}
}

@article{reformer,
  author    = {Nikita Kitaev and
               Lukasz Kaiser and
               Anselm Levskaya},
  title     = {Reformer: The Efficient Transformer},
  journal   = {CoRR},
  volume    = {abs/2001.04451},
  year      = {2020},
  url       = {https://arxiv.org/abs/2001.04451},
  archivePrefix = {arXiv},
  eprint    = {2001.04451},
  timestamp = {Sat, 23 Jan 2021 01:20:41 +0100},
  biburl    = {https://dblp.org/rec/journals/corr/abs-2001-04451.bib},
  bibsource = {dblp computer science bibliography, https://dblp.org}
}

@article{nystrom,
  author    = {Yunyang Xiong and
               Zhanpeng Zeng and
               Rudrasis Chakraborty and
               Mingxing Tan and
               Glenn Fung and
               Yin Li and
               Vikas Singh},
  title     = {Nystr{\"{o}}mformer: {A} Nystr{\"{o}}m-Based Algorithm for
               Approximating Self-Attention},
  journal   = {CoRR},
  volume    = {abs/2102.03902},
  year      = {2021},
  url       = {https://arxiv.org/abs/2102.03902},
  archivePrefix = {arXiv},
  eprint    = {2102.03902},
  timestamp = {Wed, 10 Feb 2021 15:24:31 +0100},
  biburl    = {https://dblp.org/rec/journals/corr/abs-2102-03902.bib},
  bibsource = {dblp computer science bibliography, https://dblp.org}
}

@article{performer,
  author    = {Krzysztof Choromanski and
               Valerii Likhosherstov and
               David Dohan and
               Xingyou Song and
               Andreea Gane and
               Tam{\'{a}}s Sarl{\'{o}}s and
               Peter Hawkins and
               Jared Davis and
               Afroz Mohiuddin and
               Lukasz Kaiser and
               David Belanger and
               Lucy Colwell and
               Adrian Weller},
  title     = {Rethinking Attention with Performers},
  journal   = {CoRR},
  volume    = {abs/2009.14794},
  year      = {2020},
  url       = {https://arxiv.org/abs/2009.14794},
  archivePrefix = {arXiv},
  eprint    = {2009.14794},
  timestamp = {Wed, 07 Oct 2020 15:59:26 +0200},
  biburl    = {https://dblp.org/rec/journals/corr/abs-2009-14794.bib},
  bibsource = {dblp computer science bibliography, https://dblp.org}
}

@article{student-teacher,
  author    = {Nils Reimers and
               Iryna Gurevych},
  title     = {Making Monolingual Sentence Embeddings Multilingual using Knowledge
               Distillation},
  journal   = {CoRR},
  volume    = {abs/2004.09813},
  year      = {2020},
  url       = {https://arxiv.org/abs/2004.09813},
  archivePrefix = {arXiv},
  eprint    = {2004.09813},
  timestamp = {Thu, 26 Nov 2020 12:13:54 +0100},
  biburl    = {https://dblp.org/rec/journals/corr/abs-2004-09813.bib},
  bibsource = {dblp computer science bibliography, https://dblp.org}
}

@article{fever,
  author    = {James Thorne and
               Andreas Vlachos and
               Christos Christodoulopoulos and
               Arpit Mittal},
  title     = {{FEVER:} a large-scale dataset for Fact Extraction and VERification},
  journal   = {CoRR},
  volume    = {abs/1803.05355},
  year      = {2018},
  url       = {http://arxiv.org/abs/1803.05355},
  archivePrefix = {arXiv},
  eprint    = {1803.05355},
  timestamp = {Tue, 03 Nov 2020 12:45:07 +0100},
  biburl    = {https://dblp.org/rec/journals/corr/abs-1803-05355.bib},
  bibsource = {dblp computer science bibliography, https://dblp.org}
}

@article{two-tower,
  author    = {Wei{-}Cheng Chang and
               Felix X. Yu and
               Yin{-}Wen Chang and
               Yiming Yang and
               Sanjiv Kumar},
  title     = {Pre-training Tasks for Embedding-based Large-scale Retrieval},
  journal   = {CoRR},
  volume    = {abs/2002.03932},
  year      = {2020},
  url       = {https://arxiv.org/abs/2002.03932},
  archivePrefix = {arXiv},
  eprint    = {2002.03932},
  timestamp = {Wed, 12 Feb 2020 16:38:55 +0100},
  biburl    = {https://dblp.org/rec/journals/corr/abs-2002-03932.bib},
  bibsource = {dblp computer science bibliography, https://dblp.org}
}
